<record><leader>00000cas a22000007a 4500</leader><controlfield tag="001">10129825</controlfield><controlfield tag="008">831115d187u1uuutxuuu ne      0    0eng d</controlfield><datafield ind1=" " ind2=" " tag="010"><subfield code="a">sn 83021340 </subfield></datafield><datafield ind1=" " ind2=" " tag="040"><subfield code="a">NPX</subfield><subfield code="b">eng</subfield><subfield code="c">NPX</subfield><subfield code="d">OCLCQ</subfield></datafield><datafield ind1=" " ind2=" " tag="042"><subfield code="a">msc</subfield></datafield><datafield ind1="0" ind2="0" tag="245"><subfield code="a">Bremond sentinel.</subfield></datafield><datafield ind1=" " ind2=" " tag="260"><subfield code="a">Bremond, Tex. :</subfield><subfield code="b">E.Y. Cammer &amp; S.H. Lester</subfield></datafield><datafield ind1=" " ind2=" " tag="500"><subfield code="a">Editor: B.W. Cammer.</subfield></datafield><datafield ind1=" " ind2=" " tag="588"><subfield code="a">Description based on: Vol. 2, no. 26 (May 20, 1876).</subfield></datafield><datafield ind1="1" ind2=" " tag="700"><subfield code="a">Cammer, B. W.</subfield></datafield><datafield ind1=" " ind2=" " tag="752"><subfield code="a">United States</subfield><subfield code="b">Texas</subfield><subfield code="c">Robertson</subfield><subfield code="d">Bremond.</subfield></datafield><datafield ind1="1" ind2=" " tag="029"><subfield code="a">AU@</subfield><subfield code="b">000025802459</subfield></datafield></record>